<?xml version="1.0" encoding="UTF-8"?><collection xmlns="http://www.loc.gov/MARC21/slim"><record><leader>00290nam--2200121-i-4500</leader><controlfield tag="001">000003519</controlfield><controlfield tag="002">20161230</controlfield><controlfield tag="005">20161230201025</controlfield><controlfield tag="008">060222s1000------------r-----000-0-eng-d</controlfield><datafield ind1=" " ind2=" " tag="100"><subfield code="a">Clark, George</subfield></datafield><datafield ind1=" " ind2=" " tag="245"><subfield code="a">Applied x rays 3d edition</subfield></datafield><datafield ind1=" " ind2=" " tag="260"><subfield code="a">London, Mc Graw Hill, 1940</subfield></datafield><datafield ind1=" " ind2=" " tag="490"><subfield code="a">X + 674 P</subfield></datafield></record></collection>